@Article{Korf1995,
author = {Korf, R. E.},
title = {Space-Efficient Search Algorithms},
journal = {ACM Computing Surveys},
year = {1995},
volume = {27},
number = {3},
pages = {337-339},
}

@Article{Chakrabarti1989,
author = {Chakrabarti, P. P., Ghose, S., Acharya, A., and de Sarkar, S. C.},
title = {Heuristic search in restricted
memory},
journal = {Artif. Intell},
year = {1989},
volume = {41},
number = {2},
pages = {197-221},
month = {Dec.}
}

@Article{Korf1993,
author = {Korf, R. E.},
title = {Linear-space best-first search},
journal = {Artif. Intell},
year = {1993},
volume = {62},
number = {1},
pages = {97-109},
month = {July}
}

@Article{Dillenburg1994,
author = {Dillenburg, J. F. and Nelson, P. C.},
title = {Perimeter Search},
journal = {Artif. Intell},
year = {1994},
OPTvolume = {65},
OPTnumber = {1},
OPTpages = {165-178},
OPTmonth = {Jan.}
}
